@online{supervised_learning,
	title = {Обучение по предцедентам},
	language     = {russian},
	date = {11.11.2019},
	url={http://www.machinelearning.ru/wiki/index.php?title=%D0%9E%D0%B1%D1%83%D1%87%D0%B5%D0%BD%D0%BL8%D0%B5_%D0%BF%D0%BE_%D0%BF%D1%80%D0%B5%D1%86%D0%B5%D0%B4%D0%B5%D0%BD%D1%82%D0%B0%D0%BC},
}
@online{erm,
	title = {Минимизация эмпирического риска},
	language     = {russian},
	date = {11.11.2019},
	url={http://www.machinelearning.ru/wiki/index.php?title=%D0%9C%D0%B8%D0%BD%D0%B8%D0%BC%D0%B8%D0%B7%D0%B0%D1%86%D0%B8%D1%8F_%D1%8D%D0%BC%D0%BF%D0%B8%D1%80%D0%B8%D1%87%D0%B5%D1%81%D0%BA%D0%BE%D0%B3%D0%BE_%D1%80%D0%B8%D1%81%D0%BA%D0%B0},
}
@online{svm,
	title = {Метод опорных векторов},
	language     = {russian},
	date = {11.11.2019},
	url={https://neerc.ifmo.ru/wiki/index.php?title=%D0%9C%D0%B5%D1%82%D0%BE%D0%B4_%D0%BE%D0%BF%D0%BE%D1%80%D0%BD%D1%8B%D1%85_%D0%B2%D0%B5%D0%BA%D1%82%D0%BE%D1%80%D0%BE%D0%B2_(SVM)},
}

@book{ssa,
	url={http://www.gistatgroup.com/gus/ssa_an.pdf},
	author = {Голяндина Н.Э.},
	title = {Метод ''Гусеница''-SSA: Анализ временных рядов. Учебное пособие.},
	address      = {Санкт-Петергбург},
	year         = {2004},
	language     = {russian},
}



